<?xml version="1.0" encoding="UTF-8"?><collection><record><leader>03603ntm a2200481 a 4500</leader><controlfield tag="001">011792337</controlfield><controlfield tag="003">MiAaHDL</controlfield><controlfield tag="005">20190719000000.0</controlfield><controlfield tag="006">m        d        </controlfield><controlfield tag="007">cr bn ---auaua</controlfield><controlfield tag="008">120921s08uu    xx            00| ||ara d</controlfield><datafield tag="035" ind1=" " ind2=" "><subfield code="a">(MiU)011792337</subfield></datafield><datafield tag="035" ind1=" " ind2=" "><subfield code="a">sdr-miu011792337</subfield></datafield><datafield tag="040" ind1=" " ind2=" "><subfield code="a">MiU</subfield><subfield code="c">MiU</subfield><subfield code="e">amremm</subfield></datafield><datafield tag="043" ind1=" " ind2=" "><subfield code="a">n-us-mi</subfield></datafield><datafield tag="130" ind1="0" ind2=" "><subfield code="6">880-01</subfield><subfield code="a">Qurʼan</subfield></datafield><datafield tag="245" ind1="1" ind2="3"><subfield code="6">880-03</subfield><subfield code="a">[al-Qurʼān,</subfield><subfield code="f">9th century].</subfield></datafield><datafield tag="260" ind1=" " ind2=" "><subfield code="c">[8--].</subfield></datafield><datafield tag="300" ind1=" " ind2=" "><subfield code="a">23 leaves :</subfield><subfield code="b">parchment ;</subfield><subfield code="c">120 x 190 (80 x 130-5) mm.</subfield></datafield><datafield tag="500" ind1=" " ind2=" "><subfield code="a">Shelfmark: Ann Arbor, University of Michigan, Special Collections Library, Isl. Ms. 162 b</subfield></datafield><datafield tag="500" ind1=" " ind2=" "><subfield code="a">Origin: Lacks dated colophon ; script and ornament would suggest 9th century.</subfield></datafield><datafield tag="500" ind1=" " ind2=" "><subfield code="a">Former shelfmark: Isl. Ms. 162</subfield></datafield><datafield tag="500" ind1=" " ind2=" "><subfield code="a">Support: Parchment ; significant losses due to fire, particularly in opening section (first 13 leaves).</subfield></datafield><datafield tag="500" ind1=" " ind2=" "><subfield code="a">Decoration: Illuminated roundels of Déroche style 2' A.II though with further perimeter in gold (incorporating dark green and red along with gold and black outline) mark ten verses (see p.30, 37, 45) ; illuminated hāʼ (abjad numeral 5) marks five verses (see p.33, 42).</subfield></datafield><datafield tag="500" ind1=" " ind2=" "><subfield code="a">Script: Kufic or Early ʻAbbāsid script of Déroche style D.I (see Déroche, The Abbasid tradition, p.36-37 and George, The Rise of Islamic calligraphy, p.91) ; short vowels provided in the form of red discs.</subfield></datafield><datafield tag="500" ind1=" " ind2=" "><subfield code="a">Layout: Written in 7 lines per page.</subfield></datafield><datafield tag="500" ind1=" " ind2=" "><subfield code="a">Collation: V+3: H1-2F H3-4F H5-6F H7-8F S H9-10F / S F11-12H F13-14H F15-16H F17-18H F19-20H H21-22F F23-24H H25-26F ; 1+V-1: F27-28H H29-30F H31-32F H33-34F H35-36F H37-38F / F39-40H F41-42H F43-44H F45-46H ; pagination in pencil, Western numerals, supplied during cataloguing.</subfield></datafield><datafield tag="500" ind1=" " ind2=" "><subfield code="a">Title supplied by cataloguer.</subfield></datafield><datafield tag="500" ind1=" " ind2=" "><subfield code="a">Ms. fragment.</subfield></datafield><datafield tag="505" ind1="0" ind2=" "><subfield code="a">(final 10 leaves, pp.27-46) Sūrat al-Naḥl (16) final words of verse 76 through middle of verse 103</subfield></datafield><datafield tag="505" ind1="0" ind2=" "><subfield code="a">(opening 13 leaves, pp.1-26) Sūrat al-Naḥl (16) final words of verse 11 through final words of verse 54</subfield></datafield><datafield tag="510" ind1="4" ind2=" "><subfield code="a">Whelan, Estelle. "Writing the word of God: some early Qurʼān manuscripts and their milieux, part I." Ars Orientalis 20, (1990):</subfield><subfield code="c">113-147</subfield></datafield><datafield tag="510" ind1="4" ind2=" "><subfield code="a">George, Alain. The Rise of Islamic calligraphy. London: Saqi, 2010.</subfield></datafield><datafield tag="510" ind1="4" ind2=" "><subfield code="a">Déroche, François. The Abbasid tradition : Qurʼans of the 8th to the 10th centuries AD. The Nasser D. Khalili collection of Islamic art, v. 1. New York : Nour Foundation in association with Azimuth Editions and Oxford University Press, c1992.</subfield></datafield><datafield tag="510" ind1="4" ind2=" "><subfield code="a">Déroche, François. Les manuscrits du coran. Aux origines de la calligraphie coranique. Catalogue des manuscrits arabes. Deuxième partie: manuscrits musulmans, Tome I, 1. Paris: Bibliothèque Nationale, 1983.</subfield></datafield><datafield tag="510" ind1="4" ind2=" "><subfield code="a">Islamic art from Michigan collections. Carol G. Fisher and Alan Fisher, Eds. (East Lansing, MI, 1982),</subfield><subfield code="c">no.52, p.98</subfield></datafield><datafield tag="520" ind1=" " ind2=" "><subfield code="a">Fragment from an early ʿAbbāsid Qur’ān carrying Sūrat al-Naḥl (16) final words of verse 11 through final words of verse 54 and final words of verse 76 through middle of verse 103 (16:11-54 ; 76-103).</subfield></datafield><datafield tag="538" ind1=" " ind2=" "><subfield code="a">Mode of access: Internet.</subfield></datafield><datafield tag="541" ind1=" " ind2=" "><subfield code="c">Purchase ;</subfield><subfield code="a">Acquired by purchase (funds donated by Horace Rackham).</subfield><subfield code="d">1924.</subfield></datafield><datafield tag="546" ind1=" " ind2=" "><subfield code="a">Arabic.</subfield></datafield><datafield tag="561" ind1=" " ind2=" "><subfield code="a">Originally housed with 20 leaves in two relatively intact gatherings (Isl. Ms. 162 a).</subfield></datafield><datafield tag="650" ind1=" " ind2="0"><subfield code="a">Manuscripts, Arabic</subfield><subfield code="z">Michigan</subfield><subfield code="z">Ann Arbor.</subfield></datafield><datafield tag="700" ind1="0" ind2=" "><subfield code="a">Abdülhamid</subfield><subfield code="b">II,</subfield><subfield code="c">Sultan of the Turks,</subfield><subfield code="d">1842-1918,</subfield><subfield code="e">former owner.</subfield></datafield><datafield tag="773" ind1="0" ind2=" "><subfield code="a">Abdul Hamid Collection.</subfield></datafield><datafield tag="880" ind1="1" ind2="2"><subfield code="6">245-03/</subfield><subfield code="a">[القرآن,</subfield><subfield code="f">القرن 9م].</subfield></datafield><datafield tag="880" ind1="0" ind2=" "><subfield code="6">130-01/</subfield><subfield code="a">قرآن</subfield></datafield><datafield tag="CID" ind1=" " ind2=" "><subfield code="a">011792337</subfield></datafield><datafield tag="DAT" ind1="0" ind2=" "><subfield code="a">20190719102642.0</subfield><subfield code="b">20190719000000.0</subfield></datafield><datafield tag="DAT" ind1="1" ind2=" "><subfield code="a">20190719090653.0</subfield><subfield code="b">2019-07-19T16:10:23Z</subfield></datafield><datafield tag="DAT" ind1="2" ind2=" "><subfield code="a">2015-02-11T21:00:03Z</subfield></datafield><datafield tag="CAT" ind1=" " ind2=" "><subfield code="a">SDR-MIU</subfield><subfield code="d">EX LIBRIS - ALEPH</subfield><subfield code="l">prepare.pl-004-008</subfield></datafield><datafield tag="FMT" ind1=" " ind2=" "><subfield code="a">BK</subfield></datafield><datafield tag="HOL" ind1=" " ind2=" "><subfield code="0">sdr-miu011792337</subfield><subfield code="a">MiU</subfield><subfield code="b">SDR</subfield><subfield code="c">MIU</subfield><subfield code="p">mdp.39015079132802</subfield><subfield code="s">MIU</subfield><subfield code="1">011792337</subfield></datafield><datafield tag="974" ind1=" " ind2=" "><subfield code="b">MIU</subfield><subfield code="c">MIU</subfield><subfield code="d">20190719</subfield><subfield code="s">lit-dlps-dc</subfield><subfield code="u">mdp.39015079132802</subfield><subfield code="y">0899</subfield><subfield code="r">pd</subfield><subfield code="q">bib</subfield><subfield code="t">non-US bib date1 &lt; 1879</subfield></datafield></record></collection>